<record><leader>00000cas a22000007a 4500</leader><controlfield tag="001">16637998</controlfield><controlfield tag="008">870903d18761885ohuwr ne      0    0eng d</controlfield><datafield ind1=" " ind2=" " tag="010"><subfield code="a">sn 87075039 </subfield></datafield><datafield ind1=" " ind2=" " tag="040"><subfield code="a">ONP</subfield><subfield code="b">eng</subfield><subfield code="c">ONP</subfield><subfield code="d">OCLCQ</subfield></datafield><datafield ind1=" " ind2=" " tag="042"><subfield code="a">msc</subfield></datafield><datafield ind1="0" ind2=" " tag="130"><subfield code="a">New Lexington herald (New Lexington, Ohio : 1876)</subfield></datafield><datafield ind1="1" ind2="0" tag="245"><subfield code="a">New Lexington herald.</subfield></datafield><datafield ind1=" " ind2=" " tag="260"><subfield code="a">New Lexington, Perry Co., Ohio :</subfield><subfield code="b">Green &amp; Meloy,</subfield><subfield code="c">1876-1885.</subfield></datafield><datafield ind1=" " ind2=" " tag="310"><subfield code="a">Weekly</subfield></datafield><datafield ind1="0" ind2=" " tag="362"><subfield code="a">Vol. 10, no. 1 (Nov. 10, 1876)-v. 18, no. 22 (Mar. 26, 1885).</subfield></datafield><datafield ind1=" " ind2=" " tag="752"><subfield code="a">United States</subfield><subfield code="b">Ohio</subfield><subfield code="c">Perry</subfield><subfield code="d">New Lexington.</subfield></datafield><datafield ind1="0" ind2="0" tag="780"><subfield code="t">Democratic herald (New Lexington, Ohio : 1871)</subfield><subfield code="w">(DLC)sn 87075036</subfield></datafield><datafield ind1="0" ind2="0" tag="785"><subfield code="t">Democratic herald (New Lexington, Ohio : 1885)</subfield></datafield></record>